<?xml version="1.0" encoding="UTF-8"?><collection xmlns="http://www.loc.gov/MARC21/slim"><record><leader>00552nam--2200157-i-4500</leader><controlfield tag="001">000010215</controlfield><controlfield tag="002">20161230</controlfield><controlfield tag="005">20161230201028</controlfield><controlfield tag="008">060222s1000------------r-----000-0-eng-d</controlfield><datafield ind1=" " ind2=" " tag="080"><subfield code="a">061.3:517.521.7</subfield></datafield><datafield ind1="1" ind2="0" tag="100"><subfield code="a">Garabedian, Henry L</subfield></datafield><datafield ind1="1" ind2=" " tag="245"><subfield code="a">Approximation of funtions. proceedings of the symposium on approximation of functions gene- ral motors research laboratories, warren mi- chigan, 1964</subfield></datafield><datafield ind1=" " ind2=" " tag="260"><subfield code="a">Amsterdam, Elsevier Publ.Comp., 1965 Viii + 220 P</subfield></datafield><datafield ind1=" " ind2=" " tag="700"><subfield code="a">Garabedian, Henry L</subfield></datafield><datafield ind1=" " ind2=" " tag="852"><subfield code="a">37118</subfield><subfield code="c">517.5</subfield></datafield><datafield ind1=" " ind2=" " tag="CAT"><subfield code="a">Sys</subfield><subfield code="c">20080805</subfield><subfield code="h">132338</subfield></datafield></record></collection>